<record><leader>00000cas a22000007a 4500</leader><controlfield tag="001">9603599</controlfield><controlfield tag="008">830614d1892189uohudr ne      0    0eng d</controlfield><datafield ind1=" " ind2=" " tag="010"><subfield code="a">sn 83035220 </subfield></datafield><datafield ind1=" " ind2=" " tag="040"><subfield code="a">NPY</subfield><subfield code="b">eng</subfield><subfield code="c">NPY</subfield><subfield code="d">OCLCQ</subfield></datafield><datafield ind1=" " ind2=" " tag="042"><subfield code="a">msc</subfield></datafield><datafield ind1="0" ind2="0" tag="245"><subfield code="a">Ashtabula news-journal.</subfield></datafield><datafield ind1=" " ind2=" " tag="260"><subfield code="a">Ashtabula [Ohio] :</subfield><subfield code="b">News-Journal Pub. Co.</subfield></datafield><datafield ind1=" " ind2=" " tag="300"><subfield code="a">v. :</subfield><subfield code="b">ill. ;</subfield><subfield code="c">57 cm.</subfield></datafield><datafield ind1=" " ind2=" " tag="310"><subfield code="a">Daily (except Sun.)</subfield></datafield><datafield ind1="1" ind2=" " tag="362"><subfield code="a">Began in 1892.</subfield><subfield code="z">Cf. Large, M.W. Hist. of Ashtabula Co., Ohio, 1924.</subfield></datafield><datafield ind1="1" ind2=" " tag="362"><subfield code="a">Ceased prior to 1900.</subfield></datafield><datafield ind1=" " ind2=" " tag="500"><subfield code="a">Continues the numbering of the Evening journal.</subfield></datafield><datafield ind1=" " ind2=" " tag="500"><subfield code="a">Publisher varies.</subfield></datafield><datafield ind1=" " ind2=" " tag="520"><subfield code="a">In 1892, the Evening Journal printing establishment was consolidated with the Ashtabula news plant. The Evening journal was changed to the News-journal and issued from the News plant. Cf. Large, M.W. Hist. of Ashtabula Co., Ohio, 1924.</subfield></datafield><datafield ind1=" " ind2=" " tag="588"><subfield code="a">Description based on: Vol. 6, no. 84 (Mar. 9, 1896).</subfield></datafield><datafield ind1=" " ind2=" " tag="752"><subfield code="a">United States</subfield><subfield code="b">Ohio</subfield><subfield code="c">Ashtabula</subfield><subfield code="d">Ashtabula.</subfield></datafield><datafield ind1="0" ind2="0" tag="780"><subfield code="t">Evening journal</subfield><subfield code="c">(Ashtabula, Ohio : 1890)</subfield></datafield><datafield ind1="1" ind2=" " tag="029"><subfield code="a">AU@</subfield><subfield code="b">000025840001</subfield></datafield></record>